<?xml version="1.0" encoding="UTF-8"?><collection xmlns="http://www.loc.gov/MARC21/slim"><record><leader>00556nam--2200205-i-4500</leader><controlfield tag="001">000020669</controlfield><controlfield tag="002">20161230</controlfield><controlfield tag="005">20161230201033</controlfield><controlfield tag="008">060222s1000------------r-----000-0-eng-d</controlfield><datafield ind1=" " ind2=" " tag="020"><subfield code="a">0123418348</subfield></datafield><datafield ind1=" " ind2=" " tag="040"><subfield code="a">IFIN-HH</subfield></datafield><datafield ind1=" " ind2=" " tag="080"><subfield code="a">666.3</subfield></datafield><datafield ind1="1" ind2=" " tag="100"><subfield code="a">Alper, Allen M</subfield></datafield><datafield ind1=" " ind2=" " tag="245"><subfield code="a">Phase diagrams in advanced ceramics</subfield><subfield code="c">Allen m. alper</subfield></datafield><datafield ind1=" " ind2=" " tag="260"><subfield code="a">San Diego</subfield><subfield code="b">Academic Press</subfield><subfield code="c">1995</subfield></datafield><datafield ind1=" " ind2=" " tag="300"><subfield code="a">237 P</subfield></datafield><datafield ind1=" " ind2=" " tag="490"><subfield code="a">Treatise On Materials Science And Technology</subfield></datafield><datafield ind1=" " ind2="4" tag="650"><subfield code="a">Phase Diagrams</subfield></datafield><datafield ind1=" " ind2=" " tag="852"><subfield code="a">80563</subfield><subfield code="c">666.1:666.3</subfield></datafield><datafield ind1=" " ind2=" " tag="CAT"><subfield code="a">Sys</subfield><subfield code="c">20110413</subfield><subfield code="h">094035</subfield></datafield></record></collection>